@article{schulman2017proximal,
  title={Proximal policy optimization algorithms},
  author={Schulman, John and Wolski, Filip and Dhariwal, Prafulla and Radford, Alec and Klimov, Oleg},
  journal={arXiv preprint arXiv:1707.06347},
  year={2017}
}
@article{haarnoja2018soft,
  title={Soft actor-critic algorithms and applications},
  author={Haarnoja, Tuomas and Zhou, Aurick and Hartikainen, Kristian and Tucker, George and Ha, Sehoon and Tan, Jie and Kumar, Vikash and Zhu, Henry and Gupta, Abhishek and Abbeel, Pieter and others},
  journal={arXiv preprint arXiv:1812.05905},
  year={2018}
}

@article{goldsborough2016tour,
  title={A tour of tensorflow},
  author={Goldsborough, Peter},
  journal={arXiv preprint arXiv:1610.01178},
  year={2016}
}

@inproceedings{46687,
title	= {State-of-the-art Speech Recognition With Sequence-to-Sequence Models},
author	= {Chung-Cheng Chiu and Tara Sainath and Yonghui Wu and Rohit Prabhavalkar and Patrick Nguyen and Zhifeng Chen and Anjuli Kannan and Ron J. Weiss and Kanishka Rao and Katya Gonina and Navdeep Jaitly and Bo Li and Jan Chorowski and Michiel Bacchiani},
year	= {2018},
URL	= {https://arxiv.org/pdf/1712.01769.pdf}
}

@article{isik2018unityrl,
  title={UnityRL: a Deep Reinforcement Learning Framework to train Characters in the Unity 3D Environment},
  author={Isik, Nihat},
  year={2018}
}


@incollection{majumder2021understanding,
  title={Understanding brain agents and academy},
  author={Majumder, Abhilash},
  booktitle={Deep Reinforcement Learning in Unity},
  pages={209--303},
  year={2021},
  publisher={Springer}
}

 @article{ben2009yaml,
  title={Yaml ain’t markup language (yaml™) version 1.1},
  author={Ben-Kiki, Oren and Evans, Clark and Ingerson, Brian},
  journal={Working Draft 2008},
  volume={5},
  pages={11},
  year={2009}
}

@article{li2017deep,
  title={Deep reinforcement learning: An overview},
  author={Li, Yuxi},
  journal={arXiv preprint arXiv:1701.07274},
  year={2017}
}